%参考文献の書き方サンプル 詳しくはbibtexのwikipediaを参照
%\cite{文献参照名}で引用
% ex)hogeらの実験結果\cite{hoge}によれば...

@article{   %雑誌に掲載された論文
  hoge, %文献の参照名
  title={hogehoge},
  author={hoge and hoga and fuga and others},
  journal={hogehoge journal},
  volume={123},
  number={456},
  pages={78--90},
  year={2000}
}
@book{      %出版社が刊行した書籍
}
